

@unpublished{girard:hal-01241818,
  TITLE = {{Supervised and unsupervised classification using mixture models}},
  AUTHOR = {Girard, St{\'e}phane and Saracco, Jerome},
  URL = {https://hal.archives-ouvertes.fr/hal-01241818},
  NOTE = {working paper or preprint},
  YEAR = {2015},
  MONTH = Dec,
  PDF = {https://hal.archives-ouvertes.fr/hal-01241818/file/chapClassification-hal.pdf},
  HAL_ID = {hal-01241818},
  HAL_VERSION = {v1},
}

@article{bruzzone2009novel,
  title={A novel approach to the selection of spatially invariant features for the classification of hyperspectral images with improved generalization capability},
  author={Bruzzone, Lorenzo and Persello, Claudio},
  journal={Geoscience and Remote Sensing, IEEE Transactions on},
  volume={47},
  number={9},
  pages={3180--3191},
  year={2009},
  publisher={IEEE}
}

@book{Guyon:2006:FEF:1208773,
 author = {Guyon, Isabelle and Gunn, Steve and Nikravesh, Masoud and Zadeh, Lotfi A.},
 title = {Feature Extraction: Foundations and Applications (Studies in Fuzziness and Soft Computing)},
 year = {2006},
 isbn = {3540354875},
 publisher = {Springer-Verlag New York, Inc.},
 address = {Secaucus, NJ, USA},
}

@article{jimenez1998supervised,
  title={Supervised classification in high-dimensional space: geometrical, statistical, and asymptotical properties of multivariate data},
  author={Jimenez, Luis O and Landgrebe, David A},
  journal={IEEE Transactions on Systems, Man, and Cybernetics, Part C (Applications and Reviews)},
  volume={28},
  number={1},
  pages={39--54},
  year={1998},
  publisher={IEEE}
}

@article{fauvel2015fast,
  title={Fast Forward Feature Selection of Hyperspectral Images for Classification With Gaussian Mixture Models},
  author={Fauvel, Mathieu and Dechesne, Cl{\'e}ment and Zullo, Anthony and Ferraty, Frederic},
  journal={Selected Topics in Applied Earth Observations and Remote Sensing, IEEE Journal of},
  volume={8},
  number={6},
  pages={2824--2831},
  year={2015},
  publisher={IEEE}
}

@book{webb2003statistical,
  title={Statistical pattern recognition},
  author={Webb, Andrew R},
  year={2003},
  publisher={John Wiley \& Sons}
}

@article{camps2010remote,
  title={Remote sensing feature selection by kernel dependence measures},
  author={Camps-Valls, Gustavo and Mooij, Joris and Scholkopf, Bernhard},
  journal={IEEE Geoscience and Remote Sensing Letters},
  volume={7},
  number={3},
  pages={587--591},
  year={2010},
  publisher={IEEE}
}

@article{christophe2008orfeo,
  title={Orfeo toolbox: a complete solution for mapping from high resolution satellite images},
  author={Christophe, Emmanuel and Inglada, Jordi and Giros, Alain},
  journal={International Archives of the Photogrammetry, Remote Sensing and Spatial Information Sciences},
  volume={37},
  pages={1263--1268},
  year={2008}
}

@article{fauvel2013advances,
  title={Advances in spectral-spatial classification of hyperspectral images},
  author={Fauvel, Mathieu and Tarabalka, Yuliya and Benediktsson, Jon Atli and Chanussot, Jocelyn and Tilton, James C},
  journal={Proceedings of the IEEE},
  volume={101},
  number={3},
  pages={652--675},
  year={2013},
  publisher={IEEE}
}

@book{congalton2008assessing,
  title={Assessing the accuracy of remotely sensed data: principles PCAd practices},
  author={Congalton, Russell G and Green, Kass},
  year={2008},
  publisher={CRC press}
}

@book{opac-b1127878,
   title = "The elements of statistical learning : data mining, inference, and prediction",
   author = "Hastie, Trevor J. and Tibshirani, Robert John and Friedman, Jerome H.",
   series = "Springer series in statistics",
   publisher = "Springer",
   isbn = "978-0-387-84857-0",
   year = 2009
}

@article{hoerl1970ridge,
  title={Ridge regression: Biased estimation for nonorthogonal problems},
  author={Hoerl, Arthur E and Kennard, Robert W},
  journal={Technometrics},
  volume={12},
  number={1},
  pages={55--67},
  year={1970},
  publisher={Taylor \& Francis Group}
}

@article{bruzzone1995extension,
  title={An extension of the Jeffreys-Matusita distance to multiclass cases for feature selection},
  author={Bruzzone, Lorenzo and Roli, Fabio and Serpico, Sebastiano B},
  journal={IEEE Transactions on Geoscience and Remote Sensing},
  volume={33},
  number={6},
  pages={1318--1321},
  year={1995},
  publisher={IEEE}
}

@incollection{biesiada2007feature,
  title={Feature selection for high-dimensional data—a Pearson redundancy based filter},
  author={Biesiada, Jacek and Duch, Wlodzis{\l}aw},
  booktitle={Computer Recognition Systems 2},
  pages={242--249},
  year={2007},
  publisher={Springer}
}

@article{demir2008phase,
  title={Phase correlation based redundancy removal in feature weighting band selection for hyperspectral images},
  author={Demir, B and Ert{\"u}rk, S},
  journal={International journal of Remote sensing},
  volume={29},
  number={6},
  pages={1801--1807},
  year={2008},
  publisher={Taylor \& Francis}
}

@article{guyon2002gene,
  title={Gene selection for cancer classification using support vector machines},
  author={Guyon, Isabelle and Weston, Jason and Barnhill, Stephen and Vapnik, Vladimir},
  journal={Machine learning},
  volume={46},
  number={1-3},
  pages={389--422},
  year={2002},
  publisher={Springer}
}

@article{weston2003use,
  title={Use of the zero-norm with linear models and kernel methods},
  author={Weston, Jason and Elisseeff, Andr{\'e} and Sch{\"o}lkopf, Bernhard and Tipping, Mike},
  journal={Journal of machine learning research},
  volume={3},
  number={Mar},
  pages={1439--1461},
  year={2003}
}

@article{narendra1977branch,
  title={A branch and bound algorithm for feature subset selection},
  author={Narendra, Patrenahalli M. and Fukunaga, Keinosuke},
  journal={IEEE Transactions on Computers},
  volume={100},
  number={9},
  pages={917--922},
  year={1977},
  publisher={IEEE}
}

@article{whitney1971direct,
  title={A direct method of nonparametric measurement selection},
  author={Whitney, A Wayne},
  journal={IEEE Transactions on Computers},
  volume={100},
  number={9},
  pages={1100--1103},
  year={1971},
  publisher={IEEE}
}

@article{somol1999adaptive,
  title={Adaptive floating search methods in feature selection},
  author={Somol, Petr and Pudil, Pavel and Novovi{\v{c}}ov{\'a}, Jana and Pacl{\i}k, Pavel},
  journal={Pattern recognition letters},
  volume={20},
  number={11},
  pages={1157--1163},
  year={1999},
  publisher={Elsevier}
}

@article{hughes1968mean,
  title={On the mean accuracy of statistical pattern recognizers},
  author={Hughes, Gordon},
  journal={IEEE transactions on information theory},
  volume={14},
  number={1},
  pages={55--63},
  year={1968},
  publisher={IEEE}
}

@article{bouveyron2014model,
  title={Model-based clustering of high-dimensional data: A review},
  author={Bouveyron, Charles and Brunet-Saumard, Camille},
  journal={Computational Statistics \& Data Analysis},
  volume={71},
  pages={52--78},
  year={2014},
  publisher={Elsevier}
}

@article{christophe2011remote,
  title={Remote sensing processing: From multicore to GPU},
  author={Christophe, Emmanuel and Michel, Julien and Inglada, Jordi},
  journal={IEEE Journal of Selected Topics in Applied Earth Observations and Remote Sensing},
  volume={4},
  number={3},
  pages={643--652},
  year={2011},
  publisher={IEEE}
}

@article{plaza2011high,
  title={High performance computing for hyperspectral remote sensing},
  author={Plaza, Antonio and Du, Qian and Chang, Yang-Lang and King, Roger L},
  journal={IEEE Journal of Selected Topics in Applied Earth Observations and Remote Sensing},
  volume={4},
  number={3},
  pages={528--544},
  year={2011},
  publisher={IEEE}
}

@article{fassnacht2014comparison,
  title={Comparison of feature reduction algorithms for classifying tree species with hyperspectral data on three central European test sites},
  author={Fassnacht, Fabian E and Neumann, Carsten and F{\"o}rster, Michael and Buddenbaum, Henning and Ghosh, Aniruddha and Clasen, Anne and Joshi, Pawan Kumar and Koch, Barbara},
  journal={IEEE Journal of Selected Topics in Applied Earth Observations and Remote Sensing},
  volume={7},
  number={6},
  pages={2547--2561},
  year={2014},
  publisher={IEEE}
}

@article{tuia2015multiclass,
  title={Multiclass feature learning for hyperspectral image classification: Sparse and hierarchical solutions},
  author={Tuia, Devis and Flamary, R{\'e}mi and Courty, Nicolas},
  journal={ISPRS Journal of Photogrammetry and Remote Sensing},
  volume={105},
  pages={272--285},
  year={2015},
  publisher={Elsevier}
}

@article{serpico2007extraction,
  title={Extraction of spectral channels from hyperspectral images for classification purposes},
  author={Serpico, Sebastiano B and Moser, Gabriele},
  journal={IEEE transactions on geoscience and remote sensing},
  volume={45},
  number={2},
  pages={484--495},
  year={2007},
  publisher={IEEE}
}

@INPROCEEDINGS{Müller09enmap,
    author = {R. Müller and M. Bachmann and C. Makasy and A. De Miguel and A. Müller and A. Neumann and G. Palubinskas and R. Richter and M. Schneider and T. Walzel and H. Kaufmann and L. Guanter and K. Segl and Deutsches Geoforschungszentrum Gfz},
    title = {EnMAP - the future hyperspectral satellite mission product generation},
    booktitle = {Müller and U. Sörgel (eds), ISPRS Hannover Workshop 2009, HighResolution Earth Imaging for Geospatial Information, XXXVIII1-4-7 / W5},
    year = {2009}
}

@article{drusch2012sentinel,
  title={Sentinel-2: ESA's optical high-resolution mission for GMES operational services},
  author={Drusch, M and Del Bello, U and Carlier, S and Colin, O and Fernandez, V and Gascon, F and Hoersch, B and Isola, C and Laberinti, P and Martimort, P and others},
  journal={Remote Sensing of Environment},
  volume={120},
  pages={25--36},
  year={2012},
  publisher={Elsevier}
}

@article{kullback1987letter,
  title={Letter to the editor: The Kullback-Leibler distance},
  author={Kullback, Solomon},
  year={1987},
  journal={The American Statistician}
}

@ARTICLE{Fraley00model-basedclustering,
    author = {Chris Fraley and Adrian E. Raftery},
    title = {Model-Based Clustering, Discriminant Analysis, and Density Estimation},
    journal = {JOURNAL OF THE AMERICAN STATISTICAL ASSOCIATION},
    year = {2000},
    volume = {97},
    pages = {611--631}
}

@Misc{otb,
  title     = {Orfeo Toolbox},
  howpublished = {\url{https://www.orfeo-toolbox.org/}},
annote    = {Accessed: 2016-09-28}
}

@article{dalla2010morphological,
  title={Morphological attribute profiles for the analysis of very high resolution images},
  author={Dalla Mura, Mauro and Benediktsson, J{\'o}n Atli and Waske, Bj{\"o}rn and Bruzzone, Lorenzo},
  journal={IEEE Transactions on Geoscience and Remote Sensing},
  volume={48},
  number={10},
  pages={3747--3762},
  year={2010},
  publisher={IEEE}
}

@Article{rs70912356,
AUTHOR = {Inglada, Jordi and Arias, Marcela and Tardy, Benjamin and Hagolle, Olivier and Valero, Silvia and Morin, David and Dedieu, Gérard and Sepulcre, Guadalupe and Bontemps, Sophie and Defourny, Pierre and Koetz, Benjamin},
TITLE = {Assessment of an Operational System for Crop Type Map Production Using High Temporal and Spatial Resolution Satellite Optical Imagery},
JOURNAL = {Remote Sensing},
VOLUME = {7},
YEAR = {2015},
NUMBER = {9},
PAGES = {12356},
URL = {http://www.mdpi.com/2072-4292/7/9/12356},
ISSN = {2072-4292},
DOI = {10.3390/rs70912356}
}
